<record><leader>00000cas a22000007a 4500</leader><controlfield tag="001">37365093</controlfield><controlfield tag="008">970728d19661969vtumr ne      0    0eng d</controlfield><datafield ind1=" " ind2=" " tag="010"><subfield code="a">sn 97067542 </subfield></datafield><datafield ind1=" " ind2=" " tag="040"><subfield code="a">NVN</subfield><subfield code="b">eng</subfield><subfield code="c">NVN</subfield><subfield code="d">OCLCQ</subfield></datafield><datafield ind1=" " ind2=" " tag="042"><subfield code="a">msc</subfield></datafield><datafield ind1=" " ind2=" " tag="043"><subfield code="a">n-us-vt</subfield></datafield><datafield ind1="0" ind2=" " tag="130"><subfield code="a">Newspaper (Warren, Vt.)</subfield></datafield><datafield ind1="1" ind2="4" tag="245"><subfield code="a">The newspaper.</subfield></datafield><datafield ind1=" " ind2=" " tag="260"><subfield code="a">Warren, Vt. :</subfield><subfield code="b">Mixtmedia Corp.</subfield></datafield><datafield ind1=" " ind2=" " tag="300"><subfield code="a">v.</subfield></datafield><datafield ind1=" " ind2=" " tag="310"><subfield code="a">Monthly,</subfield><subfield code="b">Apr. 1968-July 1969</subfield></datafield><datafield ind1=" " ind2=" " tag="321"><subfield code="a">Semimonthly (except Apr., May, Oct. and Nov.),</subfield><subfield code="b">Nov. 17, 1966-Mar. 28, 1968</subfield></datafield><datafield ind1="0" ind2=" " tag="362"><subfield code="a">Vol. 1, no. 1 (Nov. 17, 1966)-v. 5, no. 2-3 (June-July 1969).</subfield></datafield><datafield ind1=" " ind2=" " tag="500"><subfield code="a">"Serving the Mad River Valley."</subfield></datafield><datafield ind1=" " ind2="4" tag="651"><subfield code="a">Warren (Vt.)</subfield><subfield code="v">Newspapers.</subfield></datafield><datafield ind1=" " ind2="4" tag="651"><subfield code="a">Mad River Valley (Vt.)</subfield><subfield code="v">Newspapers.</subfield></datafield><datafield ind1=" " ind2=" " tag="752"><subfield code="a">United States</subfield><subfield code="b">Vermont</subfield><subfield code="c">Washington</subfield><subfield code="d">Warren.</subfield></datafield><datafield ind1="1" ind2=" " tag="029"><subfield code="a">AU@</subfield><subfield code="b">000013414511</subfield></datafield></record>